@book{knuth1984texbook,
  title={The texbook},
  author={Knuth, Donald Ervin and Bibby, Duane},
  volume={15},
  year={1984},
  publisher={Addison-Wesley Reading}
}
@book{lamport1994latex,
  title={LATEX: a document preparation system: user's guide and reference manual},
  author={Lamport, Leslie},
  year={1994},
  publisher={Addison-wesley}
}
@article{pritchard1969statistical,
  title={Statistical bibliography or bibliometrics},
  author={Pritchard, Alan and others},
  journal={Journal of documentation},
  volume={25},
  number={4},
  pages={348--349},
  year={1969},
  publisher={New York}
}
@article{Pawlak1982Rough,
  title={Rough sets},
  author={Pawlak, Zdzisław},
  journal={International Journal of Computer and Information Sciences},
  volume={11},
  number={5},
  pages={341-356},
  year={1982},
}
@online{csu__2020,
	title = {中南大学},
	url = {https://www.csu.edu.cn/},
	titleaddon = {中南大学官方网站},
	author = {{CSU}},
	urldate = {2021-02-06},
	date = {2020},
	keywords = {{CSU}},
	file = {中南大学:C\:\\Users\\64980\\Zotero\\storage\\4L82ZHUU\\www.csu.edu.cn.html:text/html},
}
@online{ART,
	title = {ART算法几种重建模型的研究和比较},
	url = {http://www.cqvip.com/qk/90843x/20052/16195548.html},
	author={张顺利},
  journal={航空计算技术},
  volume={3},
  number={2},
  pages={39--41},
  year={2005},
}

@online{PG,
	title = {策略梯度理论证明},
	url = {https://lilianweng.github.io/lil-log/2018/04/08/policy-gradient-algorithms.html},
  year={2018},
}
@book{王宜举2016非线性最优化理论与方法,
  title={非线性最优化理论与方法},
  author={王宜举 and 修乃华},
  year={2016},
  publisher={科学出版社}
}
@book{sutton2018reinforcement,
  title={Reinforcement learning: An introduction},
  author={Sutton, Richard S and Barto, Andrew G},
  year={2018},
  publisher={MIT press}
}
@book{boyd2004convex,
  title={Convex optimization},
  author={Boyd, Stephen and Boyd, Stephen P and Vandenberghe, Lieven},
  year={2004},
  publisher={Cambridge university press}
}
@book{王珏2006机器学习及其应用,
  title={机器学习及其应用},
  author={王珏 and 周志华 and 周傲英},
  volume={4},
  year={2006},
  publisher={清华大学出版社有限公司}
}
@article{burkard1998well,
  title={Well-solvable special cases of the traveling salesman problem: a survey},
  author={Burkard, Rainer E and Deineko, Vladimir G and Van Dal, Rene and van der Veen, Jack AA and Woeginger, Gerhard J},
  journal={SIAM review},
  volume={40},
  number={3},
  pages={496--546},
  year={1998},
  publisher={SIAM}
}
@book{王周宏2011运筹学基础,
  title={运筹学基础},
  author={王周宏},
  year={2011},
  publisher={Qing hua da xue chu ban she}
}
@article{丛明煜2003现代启发式算法理论研究,
  title={现代启发式算法理论研究},
  author={丛明煜 and 王丽萍},
  journal={高技术通讯},
  volume={13},
  number={5},
  pages={105--110},
  year={2003}
}
@article{陈文兰2006旅行商问题算法研究综述,
  title={旅行商问题算法研究综述},
  author={陈文兰 and 戴树贵},
  journal={滁州学院学报},
  volume={8},
  number={3},
  pages={1--6},
  year={2006}
}
@article{flood1956traveling,
  title={The traveling-salesman problem},
  author={Flood, Merrill M},
  journal={Operations research},
  volume={4},
  number={1},
  pages={61--75},
  year={1956},
  publisher={INFORMS}
}
@misc{马少平朱小燕人工智能,
  title={人工智能},
  author={马少平},
  publisher={清华大学出版社}
}
@article{bertsimas1993simulated,
  title={Simulated annealing},
  author={Bertsimas, Dimitris and Tsitsiklis, John},
  journal={Statistical science},
  volume={8},
  number={1},
  pages={10--15},
  year={1993},
  publisher={Institute of Mathematical Statistics}
}
@incollection{mirjalili2019genetic,
  title={Genetic algorithm},
  author={Mirjalili, Seyedali},
  booktitle={Evolutionary algorithms and neural networks},
  pages={43--55},
  year={2019},
  publisher={Springer}
}
@article{he2022hybrid,
  title={Hybrid search with neighborhood reduction for the multiple traveling salesman problem},
  author={He, Pengfei and Hao, Jin-Kao},
  journal={Computers \& Operations Research},
  pages={105726},
  year={2022},
  publisher={Elsevier}
}
@article{li2022circular,
  title={Circular Jaccard distance based multi-solution optimization for traveling salesman problems},
  author={Li, Hui and Zhang, Mengyao and Zeng, Chenbo},
  journal={Mathematical Biosciences and Engineering},
  volume={19},
  number={5},
  pages={4458--4480},
  year={2022}
}
@book{陈宝林2005最优化理论与算法,
  title={最优化理论与算法},
  author={陈宝林},
  year={2005},
  publisher={清华大学出版社有限公司}
}
@article{schulman2017proximal,
  title={Proximal policy optimization algorithms},
  author={Schulman, John and Wolski, Filip and Dhariwal, Prafulla and Radford, Alec and Klimov, Oleg},
  journal={arXiv preprint arXiv:1707.06347},
  year={2017}
}
@inproceedings{schulman2015trust,
  title={Trust region policy optimization},
  author={Schulman, John and Levine, Sergey and Abbeel, Pieter and Jordan, Michael and Moritz, Philipp},
  booktitle={International conference on machine learning},
  pages={1889--1897},
  year={2015},
  organization={PMLR}
}
@article{geramifard2013tutorial,
  title={A tutorial on linear function approximators for dynamic programming and reinforcement learning},
  author={Geramifard, Alborz and Walsh, Thomas J and Tellex, Stefanie and Chowdhary, Girish and Roy, Nicholas and How, Jonathan P},
  journal={Foundations and Trends{\textregistered} in Machine Learning},
  volume={6},
  number={4},
  pages={375--451},
  year={2013},
  publisher={Now Publishers Inc. Hanover, MA, USA}
}
@inproceedings{szepesvari1996generalized,
  title={Generalized markov decision processes: Dynamic-programming and reinforcement-learning algorithms},
  author={Szepesv{\'a}ri, Csaba and Littman, Michael L},
  booktitle={Proceedings of International Conference of Machine Learning},
  volume={96},
  year={1996}
}
@article{jaakkola1993convergence,
  title={Convergence of stochastic iterative dynamic programming algorithms},
  author={Jaakkola, Tommi and Jordan, Michael and Singh, Satinder},
  journal={Advances in neural information processing systems},
  volume={6},
  year={1993}
}
@article{melo2001convergence,
  title={Convergence of Q-learning: A simple proof},
  author={Melo, Francisco S},
  journal={Institute Of Systems and Robotics, Tech. Rep},
  pages={1--4},
  year={2001}
}
@book{rummery1994line,
  title={On-line Q-learning using connectionist systems},
  author={Rummery, Gavin A and Niranjan, Mahesan},
  volume={37},
  year={1994},
  publisher={Citeseer}
}
@article{mnih2015human,
  title={Human-level control through deep reinforcement learning},
  author={Mnih, Volodymyr and Kavukcuoglu, Koray and Silver, David and Rusu, Andrei A and Veness, Joel and Bellemare, Marc G and Graves, Alex and Riedmiller, Martin and Fidjeland, Andreas K and Ostrovski, Georg and others},
  journal={nature},
  volume={518},
  number={7540},
  pages={529--533},
  year={2015},
  publisher={Nature Publishing Group}
}
@article{mnih2013playing,
  title={Playing atari with deep reinforcement learning},
  author={Mnih, Volodymyr and Kavukcuoglu, Koray and Silver, David and Graves, Alex and Antonoglou, Ioannis and Wierstra, Daan and Riedmiller, Martin},
  journal={arXiv preprint arXiv:1312.5602},
  year={2013}
}
@incollection{otterlo2012reinforcement,
  title={Reinforcement learning and markov decision processes},
  author={Otterlo, Martijn van and Wiering, Marco},
  booktitle={Reinforcement learning},
  pages={3--42},
  year={2012},
  publisher={Springer}
}

@article{马少辉2014客户关系动态优化模型与实证研究,
  title={客户关系动态优化模型与实证研究},
  author={马少辉 and 谭慧 and 代逸生},
  journal={运筹与管理},
  volume={23},
  number={4},
  pages={117--123},
  year={2014}
}




















